%
%  Vzor bibliografické databáze pro automatickou tvorbu seznamu referencí
%  pomocí BibTeXu
%
%  Doporučený software pro správu databáze literatury formátu *.bib:
%    JabRef, http://jabref.sourceforge.net/
%
%  POZOR:
%
%    *  Písmena v názvech publikací, jež je třeba tisknout vždy velká, se musejí psát
%       do složených závorek ({T}hailand, {HIV})
%
%  ===========================================================================
@article{Camby19,
  author    = {Eglantine Camby},
  title     = {Price of Connectivity for the Vertex Cover Problem and the Dominating
               Set Problem: Conjectures and Investigation of Critical Graphs},
  journal   = {Graphs Comb.},
  volume    = {35},
  number    = {1},
  pages     = {103--118},
  year      = {2019},
  url       = {https://doi.org/10.1007/s00373-018-1981-x},
  doi       = {10.1007/s00373-018-1981-x},
  timestamp = {Thu, 04 Jun 2020 19:40:23 +0200},
  biburl    = {https://dblp.org/rec/journals/gc/Camby19.bib},
  bibsource = {dblp computer science bibliography, https://dblp.org}
}

%%E. Camby, J. Cardinal, S. Fiorini and O. Schaudt, The priceof connectivity for vertexcover, Discrete Mathematics & Theoretical Computer Science 16 (2014) 207–224
@article{CambyCardinalFioriniSchaudt14,
  author    = {Eglantine Camby and
               Jean Cardinal and
               Samuel Fiorini and
               Oliver Schaudt},
  title     = {The Price of Connectivity for Vertex Cover},
  journal   = {Discret. Math. Theor. Comput. Sci.},
  volume    = {16},
  number    = {1},
  pages     = {207--224},
  year      = {2014},
  url       = {http://dmtcs.episciences.org/1262},
  timestamp = {Fri, 13 Mar 2020 14:37:49 +0100},
  biburl    = {https://dblp.org/rec/journals/dmtcs/CambyCFS14.bib},
  bibsource = {dblp computer science bibliography, https://dblp.org}
}

@inproceedings{CambySchaudt13,
  author    = {Eglantine Camby and
               Oliver Schaudt},
  editor    = {Kamiel Cornelissen and
               Ruben Hoeksma and
               Johann L. Hurink and
               Bodo Manthey},
  title     = {Connected dominating set in graphs without long paths and cycles},
  booktitle = {12th Cologne-Twente Workshop on Graphs and Combinatorial Optimization,
               Enschede, Netherlands, May 21-23, 2013},
  series    = {{CTIT} Workshop Proceedings},
  volume    = {{WP} 13-01},
  pages     = {39--42},
  year      = {2013},
  timestamp = {Mon, 06 Apr 2020 17:04:26 +0200},
  biburl    = {https://dblp.org/rec/conf/colognetwente/CambyS13.bib},
  bibsource = {dblp computer science bibliography, https://dblp.org}
}

@article{CambySchaudt14,
  author    = {Eglantine Camby and
               Oliver Schaudt},
  title     = {The price of connectivity for dominating set: Upper bounds and complexity},
  journal   = {Discret. Appl. Math.},
  volume    = {177},
  pages     = {53--59},
  year      = {2014},
  url       = {https://doi.org/10.1016/j.dam.2014.05.029},
  doi       = {10.1016/j.dam.2014.05.029},
  timestamp = {Thu, 20 Feb 2020 15:47:21 +0100},
  biburl    = {https://dblp.org/rec/journals/dam/CambyS14.bib},
  bibsource = {dblp computer science bibliography, https://dblp.org}
}

@article{CardinalLevy10,
  author    = {Jean Cardinal and
               Eythan Levy},
  title     = {Connected vertex covers in dense graphs},
  journal   = {Theor. Comput. Sci.},
  volume    = {411},
  number    = {26-28},
  pages     = {2581--2590},
  year      = {2010},
  url       = {https://doi.org/10.1016/j.tcs.2010.03.021},
  doi       = {10.1016/j.tcs.2010.03.021},
  timestamp = {Sun, 28 May 2017 13:20:04 +0200},
  biburl    = {https://dblp.org/rec/journals/tcs/CardinalL10.bib},
  bibsource = {dblp computer science bibliography, https://dblp.org}
}

% not in dblp
@unpublished{Bonamy18,
  author    = {Marthe Bonamy and
               Nicolas Bousquet and
	       Tereza Klimošová and
	       Paul Ouvrard},
  title     = {The price of connectivity for domination},
  year      = {2018},
  note      = {10th International Colloquium on Graph Theory and combinatorics},
  URL       = {https://projet.liris.cnrs.fr/~icgt2018/data/uploads/booklet.pdf},
}

@article{Zverovich03,
  author    = {Igor E. Zverovich},
  title     = {Perfect connected-dominant graphs},
  journal   = {Discuss. Math. Graph Theory},
  volume    = {23},
  number    = {1},
  pages     = {159--162},
  year      = {2003},
  url       = {https://doi.org/10.7151/dmgt.1192},
  doi       = {10.7151/dmgt.1192},
  timestamp = {Mon, 08 Jun 2020 22:37:13 +0200},
  biburl    = {https://dblp.org/rec/journals/dmgt/Zverovich03.bib},
  bibsource = {dblp computer science bibliography, https://dblp.org}
}

@article{CambySchaudt16,
  author    = {Eglantine Camby and
               Oliver Schaudt},
  title     = {A New Characterization of P\({}_{\mbox{k}}\)-Free Graphs},
  journal   = {Algorithmica},
  volume    = {75},
  number    = {1},
  pages     = {205--217},
  year      = {2016},
  url       = {https://doi.org/10.1007/s00453-015-9989-6},
  doi       = {10.1007/s00453-015-9989-6},
  timestamp = {Wed, 17 May 2017 14:25:11 +0200},
  biburl    = {https://dblp.org/rec/journals/algorithmica/CambyS16.bib},
  bibsource = {dblp computer science bibliography, https://dblp.org}
}

@article{TakamizawaKazuhikoNishizeki82,
  author    = {K. Takamizawa and
               Takao Nishizeki and
               Nobuji Saito},
  title     = {Linear-time computability of combinatorial problems on series-parallel
               graphs},
  journal   = {J. {ACM}},
  volume    = {29},
  number    = {3},
  pages     = {623--641},
  year      = {1982},
  url       = {https://doi.org/10.1145/322326.322328},
  doi       = {10.1145/322326.322328},
  timestamp = {Wed, 14 Nov 2018 10:35:25 +0100},
  biburl    = {https://dblp.org/rec/journals/jacm/TakamizawaNS82.bib},
  bibsource = {dblp computer science bibliography, https://dblp.org}
}

%% N. Chiarelli, T. R. Hartinger, M. Johnson, M. Milanič, and D. Paulusma.  Minimumconnected transversals in graphs: New hardness results andtractable cases using theprice of connectivity.Theoretical Computer Science, 705:75–83, 2018.
@article{ChiarelliHartinger18,
  author    = {Nina Chiarelli and
               Tatiana Romina Hartinger and
               Matthew Johnson and
               Martin Milanic and
               Dani{\"{e}}l Paulusma},
  title     = {Minimum connected transversals in graphs: New hardness results and
               tractable cases using the price of connectivity},
  journal   = {Theor. Comput. Sci.},
  volume    = {705},
  pages     = {75--83},
  year      = {2018},
  url       = {https://doi.org/10.1016/j.tcs.2017.09.033},
  doi       = {10.1016/j.tcs.2017.09.033},
  timestamp = {Thu, 28 Dec 2017 16:11:26 +0100},
  biburl    = {https://dblp.org/rec/journals/tcs/ChiarelliHJMP18.bib},
  bibsource = {dblp computer science bibliography, https://dblp.org}
}

@article{GareyJohnson77,
  author    = {M. R. Garey and
               David S. Johnson},
  title     = {The Rectilinear Steiner Tree Problem is {NP} Complete},
  journal   = {{SIAM} Journal of Applied Mathematics},
  volume    = {32},
  pages     = {826--834},
  year      = {1977},
  timestamp = {Thu, 03 Jan 2002 12:26:19 +0100},
  biburl    = {https://dblp.org/rec/journals/siamam/GareyJ77.bib},
  bibsource = {dblp computer science bibliography, https://dblp.org}
}

%%H. Fernau and D. Manlove, Vertex and edge covers with clustering properties: complexityand algorithms, Journal of Discrete Algorithms 7 (2009) 149–167.
@article{FernauManlove09,
  author    = {Henning Fernau and
               David Manlove},
  title     = {Vertex and edge covers with clustering properties: Complexity and
               algorithms},
  journal   = {J. Discrete Algorithms},
  volume    = {7},
  number    = {2},
  pages     = {149--167},
  year      = {2009},
  url       = {https://doi.org/10.1016/j.jda.2008.09.007},
  doi       = {10.1016/j.jda.2008.09.007},
  timestamp = {Fri, 30 Nov 2018 13:25:35 +0100},
  biburl    = {https://dblp.org/rec/journals/jda/FernauM09.bib},
  bibsource = {dblp computer science bibliography, https://dblp.org}
}

%%T. Wanatabe, S. Kajita and K. Onaga, Vertex covers and connected vertex covers in 3-connected graphs, Proc. IEEE International Symposium on Circuits and Systems 1991,1017–1020.
% not in dblp
@article{WatanabeKajitaOnaga91,
  author = {T. Watanabe and
            S. Kajita and
	    K. Onaga},
  title = {Vertex covers and connected vertex covers in 3-connected graphs},
  journal = {Proc. IEEE International Symposium on Circuits and Systems},
  year = {1991},
  pages = {1017--1020}
}

%%P.K. Priyadarsini and T. Hemalatha, Connected vertex cover in 2-connected planar graphwith maximum degree 4 isNP-complete, International Journal of Mathematical, Physicaland Engineering Sciences. 2 (2008) 51–54
% not in dblp
@article{PriyadarsiniHemalatha08,
  author = {P. L. K. Priyadarsini and
            T. Hemalatha},
  title = {Connected vertex cover in 2-connected planar graph with maximum degree 4 is {NP}-complete},
  journal = {International Journal of Mathematical, Physical and Engineering Sciences},
  year = {2008},
  volume={2},
  number={1},
  pages={51--54},
}

% duplicate, also not in dblp
@article{Priyadarsini07,
  title={An Alternative Proof for the {NP}-completeness of Top Right Access point-Minimum Length Corridor Problem},
  author={Priyadarsini, P.L.K and Hemalatha, T},
  journal={International Journal of Mathematical, Physical and Engineering Sciences},
  volume={2},
  number={2},
  year={2007},
  publisher={Citeseer}
}


%% B. Escoffier, L. Gourv`es and J. Monnot, Complexity and approximation results for theconnected vertex cover problem in graphs and hypergraphs, Theoretical Computer Science8 (2010) 36–49

@article{EscoffierGourv`esMonnot10,
  author    = {Bruno Escoffier and
               Laurent Gourv{\`{e}}s and
               J{\'{e}}r{\^{o}}me Monnot},
  title     = {Complexity and approximation results for the connected vertex cover
               problem in graphs and hypergraphs},
  journal   = {J. Discrete Algorithms},
  volume    = {8},
  number    = {1},
  pages     = {36--49},
  year      = {2010},
  url       = {https://doi.org/10.1016/j.jda.2009.01.005},
  doi       = {10.1016/j.jda.2009.01.005},
  timestamp = {Sun, 28 May 2017 13:19:35 +0200},
  biburl    = {https://dblp.org/rec/journals/jda/EscoffierGM10.bib},
  bibsource = {dblp computer science bibliography, https://dblp.org}
}

%%F. Gavril, The intersection graphs of subtrees in trees are exactly the chordal graphs,Journal of Combinatorial Theory, Series B 16 (1974) 47–56
% not in dblp

@article{Gavril74,
  author = "Fǎnicǎ Gavril",
  title = "The intersection graphs of subtrees in trees are exactly the chordal graphs",
  journal = "Journal of Combinatorial Theory, Series B",
  volume = "16",
  number = "1",
  pages = "47 - 56",
  year = "1974",
  issn = "0095-8956",
  doi = "https://doi.org/10.1016/0095-8956(74)90094-X",
  url = "http://www.sciencedirect.com/science/article/pii/009589567490094X",
}

@article{Ueno88,
  author    = {Shuichi Ueno and
               Yoji Kajitani and
               Shin'ya Gotoh},
  title     = {On the nonseparating independent set problem and feedback set problem
               for graphs with no vertex degree exceeding three},
  journal   = {Discret. Math.},
  volume    = {72},
  number    = {1-3},
  pages     = {355--360},
  year      = {1988},
  url       = {https://doi.org/10.1016/0012-365X(88)90226-9},
  doi       = {10.1016/0012-365X(88)90226-9},
  timestamp = {Sat, 22 Feb 2020 13:55:24 +0100},
  biburl    = {https://dblp.org/rec/journals/dm/UenoKG88.bib},
  bibsource = {dblp computer science bibliography, https://dblp.org}
}

@article{Minty80,
  author    = {George J. Minty},
  title     = {On maximal independent sets of vertices in claw-free graphs},
  journal   = {J. Comb. Theory, Ser. {B}},
  volume    = {28},
  number    = {3},
  pages     = {284--304},
  year      = {1980},
  url       = {https://doi.org/10.1016/0095-8956(80)90074-X},
  doi       = {10.1016/0095-8956(80)90074-X},
  timestamp = {Wed, 14 Nov 2018 10:50:06 +0100},
  biburl    = {https://dblp.org/rec/journals/jct/Minty80.bib},
  bibsource = {dblp computer science bibliography, https://dblp.org}
}

@article{Sbihi80,
  author    = {Najiba Sbihi},
  title     = {Algorithme de recherche d'un stable de cardinalite maximum dans un
               graphe sans etoile},
  journal   = {Discret. Math.},
  volume    = {29},
  number    = {1},
  pages     = {53--76},
  year      = {1980},
  url       = {https://doi.org/10.1016/0012-365X(90)90287-R},
  doi       = {10.1016/0012-365X(90)90287-R},
  timestamp = {Sat, 22 Feb 2020 13:58:10 +0100},
  biburl    = {https://dblp.org/rec/journals/dm/Sbihi80.bib},
  bibsource = {dblp computer science bibliography, https://dblp.org}
}

%%T.R. Hartinger, M. Johnson, M. Milanič and D. Paulusma, The price of connectivity for cycle transversals, European Journal of Combinatorics 58 (2016) 203–224.

@article{HartingerPaulusma16,
  author    = {Tatiana Romina Hartinger and
               Matthew Johnson and
               Martin Milanic and
               Dani{\"{e}}l Paulusma},
  title     = {The price of connectivity for cycle transversals},
  journal   = {Eur. J. Comb.},
  volume    = {58},
  pages     = {203--224},
  year      = {2016},
  url       = {https://doi.org/10.1016/j.ejc.2016.06.003},
  doi       = {10.1016/j.ejc.2016.06.003},
  timestamp = {Fri, 30 Nov 2018 13:28:35 +0100},
  biburl    = {https://dblp.org/rec/journals/ejc/HartingerJMP16.bib},
  bibsource = {dblp computer science bibliography, https://dblp.org}
}

%%S. Tsukiyama, M. Ide, H. Ariyoshi, and I. Shirakawa, A new algorithm for generating all the maximal independent sets, SIAM Journal on Computing 6 (1977) 505–517.
@article{TsukiyamaIde77,
  author    = {Shuji Tsukiyama and
               Mikio Ide and
               Hiromu Ariyoshi and
               Isao Shirakawa},
  title     = {A New Algorithm for Generating All the Maximal Independent Sets},
  journal   = {{SIAM} J. Comput.},
  volume    = {6},
  number    = {3},
  pages     = {505--517},
  year      = {1977},
  url       = {https://doi.org/10.1137/0206036},
  doi       = {10.1137/0206036},
  timestamp = {Wed, 14 Nov 2018 10:45:06 +0100},
  biburl    = {https://dblp.org/rec/journals/siamcomp/TsukiyamaIAS77.bib},
  bibsource = {dblp computer science bibliography, https://dblp.org}
}

%%E. Balas and C. S. Yu, On graphs with polynomially solvable maximum-weight clique problem, Networks 19 (1989) 247–253.
@article{BalasYu89,
  author    = {Egon Balas and
               Chang Sung Yu},
  title     = {On graphs with polynomially solvable maximum-weight clique problem},
  journal   = {Networks},
  volume    = {19},
  number    = {2},
  pages     = {247--253},
  year      = {1989},
  url       = {https://doi.org/10.1002/net.3230190206},
  doi       = {10.1002/net.3230190206},
  timestamp = {Sun, 28 May 2017 13:19:54 +0200},
  biburl    = {https://dblp.org/rec/journals/networks/BalasY89.bib},
  bibsource = {dblp computer science bibliography, https://dblp.org}
}

%%B. Schwikowski and E. Speckenmeyer, On enumerating all minimal solutions of feedback problems, Discrete Applied Mathematics 117 (2002) 253–265.
@article{SchwikowskiSpeckenmeyer10,
  author    = {Benno Schwikowski and
               Ewald Speckenmeyer},
  title     = {On enumerating all minimal solutions of feedback problems},
  journal   = {Discret. Appl. Math.},
  volume    = {117},
  number    = {1-3},
  pages     = {253--265},
  year      = {2002},
  url       = {https://doi.org/10.1016/S0166-218X(00)00339-5},
  doi       = {10.1016/S0166-218X(00)00339-5},
  timestamp = {Thu, 20 Feb 2020 15:49:17 +0100},
  biburl    = {https://dblp.org/rec/journals/dam/SchwikowskiS02.bib},
  bibsource = {dblp computer science bibliography, https://dblp.org}
}

%%R. Belmonte, P. van ’t Hof, M. Kaminski and D. Paulusma, Theprice of connectivity forfeedback vertex set, Discrete Applied Mathematics 217 (2017) 132–143.
@article{BelmonteHofKaminskiPaulusma17,
  author    = {R{\'{e}}my Belmonte and
               Pim van 't Hof and
               Marcin Kaminski and
               Dani{\"{e}}l Paulusma},
  title     = {The price of connectivity for feedback vertex set},
  journal   = {Discret. Appl. Math.},
  volume    = {217},
  pages     = {132--143},
  year      = {2017},
  url       = {https://doi.org/10.1016/j.dam.2016.08.011},
  doi       = {10.1016/j.dam.2016.08.011},
  timestamp = {Thu, 20 Feb 2020 15:47:23 +0100},
  biburl    = {https://dblp.org/rec/journals/dam/BelmonteHKP17.bib},
  bibsource = {dblp computer science bibliography, https://dblp.org}
}


% not in dblp yet (from crossref)
@article{Dabrowski20,
  author    = {Konrad K. Dabrowski and
	          Carl Feghali and
		  Matthew Johnson and
		  Giacomo Paesani and
		  Daniël Paulusma and
		  Pawe{\l} Rzążewski},
  title = {On Cycle Transversals and Their Connected Variants in the Absence of a Small Linear Forest},
  doi = {10.1007/s00453-020-00706-6},
  url = {https://doi.org/10.1007/s00453-020-00706-6},
  year = 2020,
  month = {apr},
  publisher = {Springer},
  journal = {Algorithmica}
}

@article{JohnsonPaesaniPaulusma20,
  author    = {Matthew Johnson and
               Giacomo Paesani and
               Dani{\"{e}}l Paulusma},
  title     = {Connected Vertex Cover for $(s{P}_1 + {P}_5)$-Free
               Graphs},
  journal   = {Algorithmica},
  volume    = {82},
  number    = {1},
  pages     = {20--40},
  year      = {2020},
  url       = {https://doi.org/10.1007/s00453-019-00601-9},
  doi       = {10.1007/s00453-019-00601-9},
  timestamp = {Tue, 16 Jun 2020 17:17:31 +0200},
  biburl    = {https://dblp.org/rec/journals/algorithmica/JohnsonPP20.bib},
  bibsource = {dblp computer science bibliography, https://dblp.org}
}

@article{Bonomo18,
  author    = {Flavia Bonomo and
               Maria Chudnovsky and
               Peter Maceli and
               Oliver Schaudt and
               Maya Stein and
               Mingxian Zhong},
  title     = {Three-Coloring and List Three-Coloring of Graphs Without Induced Paths
               on Seven Vertices},
  journal   = {Comb.},
  volume    = {38},
  number    = {4},
  pages     = {779--801},
  year      = {2018},
  url       = {https://doi.org/10.1007/s00493-017-3553-8},
  doi       = {10.1007/s00493-017-3553-8},
  timestamp = {Wed, 22 Jul 2020 22:02:17 +0200},
  biburl    = {https://dblp.org/rec/journals/combinatorica/BonomoCMSSZ18.bib},
  bibsource = {dblp computer science bibliography, https://dblp.org}
}


@inproceedings{Grzesik19,
  author    = {Andrzej Grzesik and
               Tereza Klimosov{\'{a}} and
               Marcin Pilipczuk and
               Michał Pilipczuk},
  editor    = {Timothy M. Chan},
  title     = {Polynomial-time algorithm for maximum weight independent set on ${P}_6$-free graphs},
  booktitle = {Proceedings of the Thirtieth Annual {ACM-SIAM} Symposium on Discrete
               Algorithms, {SODA} 2019, San Diego, California, USA, January 6-9,
               2019},
  pages     = {1257--1271},
  publisher = {{SIAM}},
  year      = {2019},
  url       = {https://doi.org/10.1137/1.9781611975482.77},
  doi       = {10.1137/1.9781611975482.77},
  timestamp = {Fri, 22 May 2020 11:59:59 +0200},
  biburl    = {https://dblp.org/rec/conf/soda/GrzesikKPP19.bib},
  bibsource = {dblp computer science bibliography, https://dblp.org}
}

% not in dblp, obviously
@article{Grzesik20,
  title={Covering minimal separators and potential maximal cliques in ${P_t}$-free graphs},
  author={Grzesik, Andrzej and Klimo{\v{s}}ov{\'a}, Tereza and Pilipczuk, Marcin and Pilipczuk, Micha{\l}},
  journal={arXiv preprint arXiv:2003.12345},
  year={2020}
}

@article{Munaro17,
  author    = {Andrea Munaro},
  title     = {Boundary classes for graph problems involving non-local properties},
  journal   = {Theor. Comput. Sci.},
  volume    = {692},
  pages     = {46--71},
  year      = {2017},
  url       = {https://doi.org/10.1016/j.tcs.2017.06.012},
  doi       = {10.1016/j.tcs.2017.06.012},
  timestamp = {Sat, 16 Sep 2017 12:03:37 +0200},
  biburl    = {https://dblp.org/rec/journals/tcs/Munaro17.bib},
  bibsource = {dblp computer science bibliography, https://dblp.org}
}

% not in dblp
@article{Karp75,
  title={On the computational complexity of combinatorial problems},
  author={Richard M. Karp},
  journal={Networks},
  volume={5},
  number={1},
  pages={45--68},
  year={1975},
  publisher={Wiley Online Library}
}

@inproceedings{Spakowski00,
  title={$\Theta^p_2$-Completeness: A {C}lassical {A}pproach for {N}ew {R}esults},
  author={Spakowski, Holger and Vogel, J{\"o}rg},
  booktitle={International Conference on Foundations of Software Technology and Theoretical Computer Science},
  pages={348--360},
  year={2000},
  organization={Springer}
}

@book{HaynesHedetniemiSlater98,
  author    = {Teresa W. Haynes and
               Stephen T. Hedetniemi and
               Peter J. Slater},
  title     = {Fundamentals of domination in graphs},
  series    = {Pure and applied mathematics},
  volume    = {208},
  publisher = {Dekker},
  year      = {1998},
  isbn      = {978-0-8247-0033-1},
  timestamp = {Mon, 22 Jul 2019 16:40:55 +0200},
  biburl    = {https://dblp.org/rec/books/daglib/0093827.bib},
  bibsource = {dblp computer science bibliography, https://dblp.org}
}

% not in dblp
@book{Berge62,
  title={The theory of graphs and its applications},
  author={Claude Berge},
  publisher={Wiley},
  year={1962}
}

% not in dblp
@article{SummerMoore79,
  title={Domination perfect graphs},
  author={D. P. Sumner and
          J. I. Moore},
  journal={Notices Amer. Math. Soc},
  volume={26},
  year={1979}
}

@article{GoddardWayneHenning13,
  author    = {Wayne Goddard and
               Michael A. Henning},
  title     = {Independent domination in graphs: {A} survey and recent results},
  journal   = {Discret. Math.},
  volume    = {313},
  number    = {7},
  pages     = {839--854},
  year      = {2013},
  url       = {https://doi.org/10.1016/j.disc.2012.11.031},
  doi       = {10.1016/j.disc.2012.11.031},
  timestamp = {Sat, 22 Feb 2020 13:59:11 +0100},
  biburl    = {https://dblp.org/rec/journals/dm/GoddardH13.bib},
  bibsource = {dblp computer science bibliography, https://dblp.org}
}

@article{ZverovichZverovich95,
  author    = {Igor E. Zverovich and
               Vadim E. Zverovich},
  title     = {An induced subgraph characterization of domination perfect graphs},
  journal   = {Journal of Graph Theory},
  volume    = {20},
  number    = {3},
  pages     = {375--395},
  year      = {1995},
  url       = {https://doi.org/10.1002/jgt.3190200313},
  doi       = {10.1002/jgt.3190200313},
  timestamp = {Thu, 18 May 2017 09:51:18 +0200},
  biburl    = {https://dblp.org/rec/journals/jgt/ZverovichZ95.bib},
  bibsource = {dblp computer science bibliography, https://dblp.org}
}

% not in dblp (I can't even find it online)
@inproceedings{HedetniemiLaskar84,
  author={Stephen T. Hedetniemi and
          R. C. Laskar},
  title={Connected domination in graphs},
  booktitle={Graph Theory and Combinatorics: Proceedings of the Cambridge Combinatorial Conference, in Honour of Paul Erdös},
  year={1984},
  publisher={Academic Press, London}
}

% not in dblp
@article{SampathkumarWalikar79,
  author={E. Sampathkumar and
          H. B. Walikar},
  title={The connected domination number of a graph},
  journal={J. Math. Phys},
  year={1979}
}


@article{Gonzalez07,
  author    = {Arturo Gonzalez{-}Gutierrez and
               Teofilo F. Gonzalez},
  title     = {Complexity of the minimum-length corridor problem},
  journal   = {Comput. Geom.},
  volume    = {37},
  number    = {2},
  pages     = {72--103},
  year      = {2007},
  url       = {https://doi.org/10.1016/j.comgeo.2006.10.002},
  doi       = {10.1016/j.comgeo.2006.10.002},
  timestamp = {Sat, 20 May 2017 00:25:27 +0200},
  biburl    = {https://dblp.org/rec/journals/comgeo/Gonzalez-GutierrezG07.bib},
  bibsource = {dblp computer science bibliography, https://dblp.org}
}

@article{Corneil81,
  author    = {Derek G. Corneil and
               H. Lerchs and
               L. Stewart Burlingham},
  title     = {Complement reducible graphs},
  journal   = {Discret. Appl. Math.},
  volume    = {3},
  number    = {3},
  pages     = {163--174},
  year      = {1981},
  url       = {https://doi.org/10.1016/0166-218X(81)90013-5},
  doi       = {10.1016/0166-218X(81)90013-5},
  timestamp = {Thu, 20 Feb 2020 15:47:03 +0100},
  biburl    = {https://dblp.org/rec/journals/dam/CorneilLB81.bib},
  bibsource = {dblp computer science bibliography, https://dblp.org}
}

% not in dblp
@article{Edmonds65,
  title={{P}aths, trees, and flowers},
  author={Edmonds, Jack},
  journal={Canadian Journal of mathematics},
  volume={17},
  pages={449--467},
  year={1965},
  publisher={Cambridge University Press}
}

@misc{Bonamy18personal,
  author = {Bonamy, M. and Bousquet, N. and Klimošová, T. and Ouvrard, P.},
  howpublished = {personal communication}
}

@book{GareyJohnson79,
  author    = {M. R. Garey and
               David S. Johnson},
  title     = {Computers and Intractability: {A} Guide to the Theory of NP-Completeness},
  publisher = {W. H. Freeman},
  year      = {1979},
  isbn      = {0-7167-1044-7},
  timestamp = {Thu, 29 Mar 2007 16:16:40 +0200},
  biburl    = {https://dblp.org/rec/books/fm/GareyJ79.bib},
  bibsource = {dblp computer science bibliography, https://dblp.org}
}
